@online {reactiontime,
    title = "Human Benchmark - Reaction Time Statistics",
    url = "https://humanbenchmark.com/tests/reactiontime/statistics",
    urldate = "2023-11-03"
}

@online {timescript,
    title = "MekRelLab GitHub",
    author = "Marcus Koschmieder Krogsgaard",
    url = "https://github.com/Focus9752/MekRelLab/blob/main/Lab%209%20og%2010%20-%20biler/tidtagning_2.py",
    urldate = "2023-11-03"
}